@article {LW60,
    AUTHOR = {Lax, Peter and Wendroff, Burton},
     TITLE = {Systems of conservation laws},
   JOURNAL = {Comm. Pure Appl. Math.},
  FJOURNAL = {Communications on Pure and Applied Mathematics},
    VOLUME = {13},
      YEAR = {1960},
     PAGES = {217--237},
      ISSN = {0010-3640},
   MRCLASS = {65.00},
  MRNUMBER = {120774},
MRREVIEWER = {J. H. Giese},
       DOI = {10.1002/cpa.3160130205},
       URL = {https://doi.org/10.1002/cpa.3160130205},
}
@book {LeV92,
    AUTHOR = {LeVeque, Randall J.},
     TITLE = {Numerical methods for conservation laws},
    SERIES = {Lectures in Mathematics ETH Z\"{u}rich},
   EDITION = {Second},
 PUBLISHER = {Birkh\"{a}user Verlag, Basel},
      YEAR = {1992},
     PAGES = {x+214},
      ISBN = {3-7643-2723-5},
   MRCLASS = {65Mxx (35L67 65-02 76L05 76Mxx 76N15)},
  MRNUMBER = {1153252},
       DOI = {10.1007/978-3-0348-8629-1},
       URL = {https://doi.org/10.1007/978-3-0348-8629-1},
}
@article {LH09,
    AUTHOR = {Liang, Shin-Jye and Hsu, Tai-Wen},
     TITLE = {Least-squares finite-element method for shallow-water
              equations with source terms},
   JOURNAL = {Acta Mech. Sin.},
  FJOURNAL = {Acta Mechanica Sinica},
    VOLUME = {25},
      YEAR = {2009},
    NUMBER = {5},
     PAGES = {597--610},
      ISSN = {0567-7718},
   MRCLASS = {76B15 (65M60)},
  MRNUMBER = {2544897},
       DOI = {10.1007/s10409-009-0250-x},
       URL = {https://doi.org/10.1007/s10409-009-0250-x},
}
@misc{tensorflow2015-whitepaper,
title={ {TensorFlow}: Large-Scale Machine Learning on Heterogeneous Systems},
url={https://www.tensorflow.org/},
note={Software available from tensorflow.org},
author={
    Mart\'{i}n~Abadi and
    Ashish~Agarwal and
    Paul~Barham and
    Eugene~Brevdo and
    Zhifeng~Chen and
    Craig~Citro and
    Greg~S.~Corrado and
    Andy~Davis and
    Jeffrey~Dean and
    Matthieu~Devin and
    Sanjay~Ghemawat and
    Ian~Goodfellow and
    Andrew~Harp and
    Geoffrey~Irving and
    Michael~Isard and
    Yangqing Jia and
    Rafal~Jozefowicz and
    Lukasz~Kaiser and
    Manjunath~Kudlur and
    Josh~Levenberg and
    Dandelion~Man\'{e} and
    Rajat~Monga and
    Sherry~Moore and
    Derek~Murray and
    Chris~Olah and
    Mike~Schuster and
    Jonathon~Shlens and
    Benoit~Steiner and
    Ilya~Sutskever and
    Kunal~Talwar and
    Paul~Tucker and
    Vincent~Vanhoucke and
    Vijay~Vasudevan and
    Fernanda~Vi\'{e}gas and
    Oriol~Vinyals and
    Pete~Warden and
    Martin~Wattenberg and
    Martin~Wicke and
    Yuan~Yu and
    Xiaoqiang~Zheng},
  year={2015},
}
@book {NW06,
    AUTHOR = {Nocedal, Jorge and Wright, Stephen J.},
     TITLE = {Numerical optimization},
    SERIES = {Springer Series in Operations Research and Financial
              Engineering},
   EDITION = {Second},
 PUBLISHER = {Springer, New York},
      YEAR = {2006},
     PAGES = {xxii+664},
      ISBN = {978-0387-30303-1; 0-387-30303-0},
   MRCLASS = {90-01 (49Mxx 65K05 90-02 90C30)},
  MRNUMBER = {2244940},
}

@article {LH09,
    AUTHOR = { Cai, S., Wang, Z., Chryssostomidis, C., and Karniadakis G. E.  },
     TITLE = { Heat transfer prediction with unknown thermal boundary conditions using physics informed neural networks},
  FJOURNAL = { American Society of Mechanical Engineers },
    VOLUME = {83730},
      YEAR = {2020},
   MRCLASS = { p. V003T05A054}
}

@article {LH09,
    AUTHOR = { Chakraborty, S. },
     TITLE = { Transfer learning based multi-fidelity physics informed deep neural network },
  FJOURNAL = { Journal of Computational Physics },
    VOLUME = {426 },
      YEAR = {2021},
      ISSN = {109942}
  }

@article {LH09,
    AUTHOR = { Elhamod, M., Bu, J., Singh, C., Redell, M., Ghosh, A., Podolskiy, V., Lee, W.-C., and Karpatne, A. },
     TITLE = { CoPhy-PGNN: Learning Physics-guided Neural Networks with Competing Loss Functions for Solving Eigenvalue Problems },
  FJOURNAL = {arXiv e-prints },
YEAR = {July 2020},
 DOI = { arXiv:2007.01420 }
}

@article {LH09,
    AUTHOR = { Finn, C., Abbeel, P., and Levine, S. },
     TITLE = { Model-agnostic meta-learning for fast adaptation of deep networks },
   JOURNAL = { ICML’17},
  FJOURNAL = {. In Proceedings of the 34th International Conference on Machine Learning },
    VOLUME = {70},
      YEAR = {2017},
     PAGES = {1126–1135},
      URL = { JMLR.org }
}
@article {LH09,
    AUTHOR = { Glorot, X., and Bengio, Y. },
     TITLE = { Understanding the difficulty of training deep feedforward neural networks },
   JOURNAL = { PMLR },
  FJOURNAL = { Proceedings of Machine Learning Research },
      YEAR = {2010},
     PAGES = {249–256}
}
@article {LH09,
    AUTHOR = { Goswami, S., Anitescu, C., Chakraborty, S., and Rabczuk, T. },
     TITLE = { Transfer learning enhanced physics informed neural network for phase-field modeling of fracture },
  FJOURNAL = {. Theoretical and Applied Fracture Mechanics },
    VOLUME = {106 },
      YEAR = {2020},
  MRNUMBER = {102447}
}

@article {LH09,
    AUTHOR = { Grohs, P., Hornung, F., Jentzen, A., and Von Wurstemberger, P. },
     TITLE = { A proof that artificial neural networks overcome the curse of dimensionality in the
numerical approximation of black-scholes partial differential equations },
   DOI = { arXiv preprint arXiv:1809.02362},
      YEAR = {2018}
}

@article {LH09,
    AUTHOR = { Hornik, K., Stinchcombe, M., and White, H. },
     TITLE = { Universal approximation of an unknown mapping and its derivatives using multilayer feedforward networks.},
   FJOURNAL = { Neural Networks 3},
    VOLUME = {5 },
      YEAR = {1990},
     PAGES = {551–560}
}
@article {LH09,
    AUTHOR = { Jagtap, A., and Karniadakis, G. },
     TITLE = { Extended physics-informed neural networks (xpinns): A generalized space-time domain decomposition based deep},
  FJOURNAL = { Communications in Computational Physics },
    VOLUME = {28 },
      YEAR = {11 2020},
     PAGES = {2002–2041}
    
}

@article {LH09,
    AUTHOR = {. Jagtap, A., Kharazmi, E., and Karniadakis, G. },
     TITLE = { Conservative physicsinformed neural networks on discrete domains for conservation laws: Applications to forward and inverse problems },
  FJOURNAL = {. Computer Methods in Applied Mechanics and Engineering },
    VOLUME = {365 },
      YEAR = {06 2020},
  MRNUMBER = {113028}
}

@article {LH09,
    AUTHOR = { Jagtap, A. D., Kawaguchi, K., and Em Karniadakis, G. },
     TITLE = { Locally adaptive
activation functions with slope recovery for deep and physics-informed neural
networks },
  FJOURNAL = { Proceedings of the Royal Society of London Series A 476 },
    VOLUME = {2239 },
      YEAR = { July 2020},
  MRNUMBER = {20200334}
}

@article {LH09,
    AUTHOR = { Jagtap, A. D., Kawaguchi, K., and Karniadakis, G. E. },
TITLE = { Adaptive activation functions accelerate convergence in deep and physics-informed neural networks },
 FJOURNAL = { Journal of Computational Physics },
    VOLUME = {404 },
      YEAR = { Mar. 2020},
  MRNUMBER = {109136}
}

@article {LH09,
    AUTHOR = { Kharazmi, E., Zhang, Z., and Karniadakis, G. E.},
     TITLE = { hp-vpinns: Variational physics-informed neural networks with domain decomposition },
  FJOURNAL = { Computer Methods in Applied Mechanics and Engineering },
    VOLUME = {374 },
      YEAR = {2021},
  MRNUMBER = {113547}
}
@article {LH09,
    AUTHOR = { Kim, Y., Choi, Y., Widemann, D., and Zohdi, T.},
     TITLE = { A fast and accurate physicsinformed neural network reduced order model with shallow masked autoencoder },
  DOI = { arXiv e-prints arXiv:2009.11990 },
  YEAR = { Sept. 2020},
}

@article {LH09,
    AUTHOR = { Lagaris, I., Likas, A., and Papageorgiou, D. },
     TITLE = { Neural-network methods for boundary value problems with irregular boundaries },
  FJOURNAL = { IEEE Transactions on Neural Networks 11},
    VOLUME = {5 },
      YEAR = {2000},
     PAGES = {1041–1049}
}

@article {LH09,
    AUTHOR = { Lagaris, I. E., Likas, A., and Fotiadis, D. I. },
     TITLE = { Artificial neural networks for solving ordinary and partial differential equations },
  FJOURNAL = { IEEE transactions on neural networks 9},
    VOLUME = {5 },
      YEAR = {1998},
     PAGES = {987–1000}
}
@article {LH09,
    AUTHOR = {. Liu, X., Zhang, X., Peng, W., Zhou, W., and Yao, W. },
     TITLE = { A novel metalearning initialization method for physics-informed neural networks },
  DOI = {. arXiv preprint arXiv:2107.10991 },
      YEAR = {2021}
}

@article {LH09,
    AUTHOR = { McClenny, L., and Braga-Neto, U. },
     TITLE = { Self-Adaptive Physics-Informed Neural Networks using a Soft Attention Mechanism },
  DOI = { arXiv e-prints },
      YEAR = { Sept. 2020},
    }
@article {LH09,
    AUTHOR = { Meng, X., Li, Z., Zhang, D., and Karniadakis, G. E. },
     TITLE = { Ppinn: Parareal physics-informed neural network for time-dependent pdes },
  FJOURNAL = { Computer Methods in Applied Mechanics and Engineering },
    VOLUME = {370 },
      YEAR = {2020},
  MRNUMBER = {113250}
}
@article {LH09,
    AUTHOR = { Peng, W., Zhou, W., Zhang, J., and Yao, W. },
     TITLE = { Accelerating Physics-InformedNeural Network Training with Prior Dictionaries },
  FJOURNAL = { arXiv e-prints },
      YEAR = { Apr. 2020}
}
@article {LH09,
    AUTHOR = { Raissi, M. },
     TITLE = { Deep hidden physics models: Deep learning of nonlinear partial differential equations },
  FJOURNAL = { Journal of Machine Learning Research },
    VOLUME = {19 },
      YEAR = {2018},
     PAGES = {1–24}
}

@article {LH09,
    AUTHOR = { Raissi, M., Perdikaris, P., and Karniadakis, G. E. },
     TITLE = { Physics Informed Deep Learning (Part II): Data-driven Discovery of Nonlinear Partial Differential
Equations },
  URL = { arxiv.org },
      YEAR = {2017}
}

@article {LH09,
    AUTHOR = { Raissi, M., Perdikaris, P., and Karniadakis, G. E.},
     TITLE = { Physics-informed neural networks: A deep learning framework for solving forward and inverse problems involving nonlinear partial differential equations },
  FJOURNAL = { Journal of Computational PINNs Loss Balancing 29 Physics },
    VOLUME = {378 },
      YEAR = {2019},
     PAGES = {686–707}
}

@article {LH09,
    AUTHOR = {. Ruchte, M., and Grabocka, J. },
     TITLE = { Efficient multi-objective optimization for deep learning },
  FJOURNAL = { ArXiv abs/2103.13392 },
      YEAR = {2021}
}
@article {LH09,
    AUTHOR = { Shin, Y. },
     TITLE = { On the Convergence of Physics Informed Neural Networks for Linear Second-Order Elliptic and Parabolic Type PDEs },
  FJOURNAL = { Communications in Computational Physics 28},
    VOLUME = {5 },
      YEAR = { June 2020},
     PAGES = {2042–2074}
}

@article {LH09,
    AUTHOR = { Shukla, K., Jagtap, A. D., and Karniadakis, G. E. },
     TITLE = { Parallel Physics Informed Neural Networks via Domain Decomposition },
  FJOURNAL = {. arXiv e-prints },
      YEAR = { Apr. 2021},
}

	
@article {LH09,
    AUTHOR = { Sirignano, J., and Spiliopoulos, K. },
     TITLE = { DGM: A deep learning algorithm for solving partial differential equations },
  FJOURNAL = { Journal of Computational Physics },
    VOLUME = {375},
      YEAR = {2018},
     PAGES = {1339–1364}
}

@article {LH09,
    AUTHOR = {. Sitzmann, V., Martel, J. N. P., Bergman, A. W., Lindell, D. B., and Wetzstein, G.},
     TITLE = { Implicit Neural Representations with Periodic Activation Functions },
  FJOURNAL = { arXiv e-prints arXiv:2006.09661},
      YEAR = { June 2020}
}

@article {LH09,
    AUTHOR = { Son, H., Jang, J. W., Han, W. J., and Hwang, H. J. },
     TITLE = { Sobolev training for the neural network solutions of pdes },
  FJOURNAL = { arXiv preprint arXiv:2101.08932 },
      YEAR = {2021}
}
@article {LH09,
    AUTHOR = { Sun, L., Gao, H., Pan, S., and Wang, J.-X. },
     TITLE = { Surrogate modeling for fluid flows based on physics-constrained deep learning without simulation data },
  FJOURNAL = { Computer Methods in Applied Mechanics and Engineering },
    VOLUME = {361 },
      YEAR = {2020},
  MRNUMBER = {112732}
}

@article {LH09,
    AUTHOR = { Vlassis, N. N., and Sun, W. },
     TITLE = {Sobolev training of thermodynamic-informed neural networks for interpretable elasto-plasticity models with level set hardening.},
  FJOURNAL = { Computer Methods in Applied Mechanics and Engineering },
    VOLUME = {377 },
      YEAR = {2021},
  MRNUMBER = {113695}
}

@article {LH09,
    AUTHOR = { Wang, S., Teng, Y., and Perdikaris, P. },
     TITLE = { Understanding and mitigating gradient pathologies in physics-informed neural networks },
  FJOURNAL = { arXiv e-prints arXiv:2001.04536},
      YEAR = { Jan. 2020}
}

@article {LH09,
    AUTHOR = { Wang, S., Yu, X., and Perdikaris, P. },
     TITLE = { When and why PINNs fail to train: A neural tangent kernel perspective },
  FJOURNAL = { arXiv e-prints arXiv:2007.14527},
      YEAR = { July 2020}
}

@article {LH09,
    AUTHOR = { Wight, C. L., and Zhao, J.},
     TITLE = { Solving Allen-Cahn and Cahn-Hilliard Equations using the Adaptive Physics Informed Neural Networks },
  FJOURNAL = { arXiv e-prints arXiv:2007.04542},
      YEAR = { July 2020}
}

@article {LH09,
    AUTHOR = {. Xiang, Z., Peng, W., Zheng, X., Zhao, X., and Yao, W. },
     TITLE = { Self-adaptive loss balanced physics-informed neural networks for the incompressible navier-stokes equations },
  FJOURNAL = { arXiv preprint arXiv:2104.06217 },
      YEAR = {2021}
}





